
@online{ARMAArch64PressRelease,
  organization = {ARM Holdings},
  title        = {ARM Discloses Technical Details Of The Next Version Of The ARM Architecture},
  url          = {https://www.arm.com/about/newsroom/arm-discloses-technical-details-of-the-next-version-of-the-arm-architecture.php},
  addendum     = {(archived: 1.01.2019 , retrieved: 20.09.2013)},
  keywords     = {ARM}
}

@online{IntelIntroX64,
  organization = {Intel Corporation},
  title        = {Introduction to x64 Assembly},
  url          = {https://www.intel.com/content/dam/develop/external/us/en/documents/introduction-to-x64-assembly-181178.pdf}
}

@online{ANUarmCheatSheet,
  organization = {Australian National University School of Computing},
  title        = {ARM Assembly Cheat Sheet},
  url          = {https://comp.anu.edu.au/courses/comp2300/resources/ARM_cheat_sheet/}
}

@online{ARMCommunityResource,
  organization = {ARM Developer Community},
  title        = {A64 Complete Documentation},
  url          = {https://developer.arm.com/documentation/#cf[navigationhierarchiesproducts]=Architectures,CPU%20Architecture,A-Profile,Armv8-A}
}

@online{Brownx64,
  organization = {Brown University},
  title        = {x64 Cheat Sheet},
  author       = {Doeppner},
  url          = {https://cs.brown.edu/courses/cs033/docs/guides/x64_cheatsheet.pdf},
  year         = {2019}
}
    


@article{10.1145/3301488,
  author     = {Liu, Yu-Ping and Hong, Ding-Yong and Wu, Jan-Jan and Fu, Sheng-Yu and Hsu, Wei-Chung},
  title      = {Exploiting SIMD Asymmetry in ARM-to-X86 Dynamic Binary Translation},
  year       = {2019},
  issue_date = {March 2019},
  publisher  = {Association for Computing Machinery},
  address    = {New York, NY, USA},
  volume     = {16},
  number     = {1},
  issn       = {1544-3566},
  url        = {https://doi.org/10.1145/3301488},
  doi        = {10.1145/3301488},
  journal    = {ACM Trans. Archit. Code Optim.},
  month      = {feb},
  articleno  = {2},
  numpages   = {24},
  keywords   = {Dynamic binary translation, SIMD, SLP vectorization}
}

@inproceedings{6522302,
  author    = {Blem, Emily and Menon, Jaikrishnan and Sankaralingam, Karthikeyan},
  booktitle = {2013 IEEE 19th International Symposium on High Performance Computer Architecture (HPCA)},
  title     = {Power struggles: Revisiting the RISC vs. CISC debate on contemporary ARM and x86 architectures},
  year      = {2013},
  volume    = {},
  number    = {},
  pages     = {1-12},
  doi       = {10.1109/HPCA.2013.6522302}
}
  
  @article{AROCA20121770,
  title   = {Towards green data centers: A comparison of x86 and ARM architectures power efficiency},
  journal = {Journal of Parallel and Distributed Computing},
  volume  = {72},
  number  = {12},
  pages   = {1770-1780},
  year    = {2012},
  issn    = {0743-7315},
  doi     = {https://doi.org/10.1016/j.jpdc.2012.08.005},
  url     = {https://www.sciencedirect.com/science/article/pii/S0743731512002122},
  author  = {Rafael Vidal Aroca and Luiz Marcos Garcia Gonçalves}
}

﻿@article{Montella2017,
  author  = {Montella, Raffaele
             and Giunta, Giulio
             and Laccetti, Giuliano
             and Lapegna, Marco
             and Palmieri, Carlo
             and Ferraro, Carmine
             and Pelliccia, Valentina
             and Hong, Cheol-Ho
             and Spence, Ivor
             and Nikolopoulos, Dimitrios S.},
  title   = {On the Virtualization of CUDA Based GPU Remoting on ARM and X86 Machines in the GVirtuS Framework},
  journal = {International Journal of Parallel Programming},
  year    = {2017},
  month   = {Oct},
  day     = {01},
  volume  = {45},
  number  = {5},
  issn    = {1573-7640},
  doi     = {10.1007/s10766-016-0462-1},
  url     = {https://doi.org/10.1007/s10766-016-0462-1}
}

